<?xml version="1.0" encoding="UTF-8"?><collection xmlns="http://www.loc.gov/MARC21/slim"><record><leader>00498nam--2200181-i-4500</leader><controlfield tag="001">000037617</controlfield><controlfield tag="002">20161230</controlfield><controlfield tag="005">20161230201041</controlfield><controlfield tag="008">060222s1000------------r-----000-0-fre-d</controlfield><datafield ind1=" " ind2=" " tag="040"><subfield code="a">IFIN-HH</subfield></datafield><datafield ind1=" " ind2=" " tag="041"><subfield code="a">fre</subfield></datafield><datafield ind1=" " ind2=" " tag="080"><subfield code="a">537.533:539.2</subfield></datafield><datafield ind1="1" ind2=" " tag="100"><subfield code="a">Petitclerc, A</subfield></datafield><datafield ind1="1" ind2="0" tag="245"><subfield code="a">Electronique physique des semi-conducteurs</subfield><subfield code="b">Preface de l. de valroger</subfield><subfield code="c">A. petitclerc</subfield></datafield><datafield ind1=" " ind2=" " tag="260"><subfield code="a">Paris</subfield><subfield code="b">Gautier-villars &amp; Cie</subfield><subfield code="c">1962</subfield></datafield><datafield ind1=" " ind2=" " tag="300"><subfield code="a">545P</subfield></datafield><datafield ind1=" " ind2=" " tag="852"><subfield code="a">19195</subfield><subfield code="c">537.311.33</subfield></datafield><datafield ind1=" " ind2=" " tag="CAT"><subfield code="a">Sys</subfield><subfield code="c">20110719</subfield><subfield code="h">122043</subfield></datafield></record></collection>